www.scoda.unisannio.it/~antoniol/ publications/papers/sqj2004.pdf 
  In Software Quality Journal
Publisher: Springer Science+Business Media B.V., Formerly Kluwer Academic Publishers B.V.
ISSN: 0963-9314 (Paper) 1573-1367 (Online)
DOI: 10.1023/B:SQJO.0000039794.29432.7e
Issue:  Volume 12, Number 4
Date:  December 2004
Pages: 383 - 406
Title:  Based on Selected Papers from SCAM 2003 (Workshop on Source Code Analysis and Manipulation) 


introspector.sourceforge.net


gcc/tree.def in GCC sources. (3.4.4)
and treedump.c